%YAML 1.1
%TAG !u! tag:unity3d.com,2011:
--- !u!91 &9100000
AnimatorController:
  m_ObjectHideFlags: 0
  m_PrefabParentObject: {fileID: 0}
  m_PrefabInternal: {fileID: 0}
  m_Name: Marine
  serializedVersion: 2
  m_AnimatorParameters:
  - m_Name: right
    m_Type: 4
    m_DefaultFloat: 0
    m_DefaultInt: 0
    m_DefaultBool: 0
    m_Controller: {fileID: 9100000}
  - m_Name: left
    m_Type: 4
    m_DefaultFloat: 0
    m_DefaultInt: 0
    m_DefaultBool: 0
    m_Controller: {fileID: 9100000}
  - m_Name: up
    m_Type: 4
    m_DefaultFloat: 0
    m_DefaultInt: 0
    m_DefaultBool: 0
    m_Controller: {fileID: 9100000}
  - m_Name: down
    m_Type: 4
    m_DefaultFloat: 0
    m_DefaultInt: 0
    m_DefaultBool: 0
    m_Controller: {fileID: 9100000}
  m_AnimatorLayers:
  - serializedVersion: 3
    m_Name: Base Layer
    m_StateMachine: {fileID: 110700000}
    m_Mask: {fileID: 0}
    m_BlendingMode: 0
    m_SyncedLayerIndex: -1
    m_StateMachineMotionSetIndex: 0
    m_DefaultWeight: 0
    m_IKPass: 0
    m_SyncedLayerAffectsTiming: 0
    m_Controller: {fileID: 9100000}
--- !u!1101 &110100000
Transition:
  serializedVersion: 2
  m_ObjectHideFlags: 3
  m_PrefabParentObject: {fileID: 0}
  m_PrefabInternal: {fileID: 0}
  m_Name: 
  m_SrcState: {fileID: 110239770}
  m_DstState: {fileID: 110223126}
  m_TransitionDuration: 0
  m_TransitionOffset: 0
  m_Conditions:
  - m_ConditionMode: 1
    m_ConditionEvent: left
    m_EventTreshold: 0
    m_ExitTime: 0
  m_Atomic: 1
  m_Solo: 0
  m_Mute: 0
  m_CanTransitionToSelf: 0
--- !u!1101 &110118227
Transition:
  serializedVersion: 2
  m_ObjectHideFlags: 3
  m_PrefabParentObject: {fileID: 0}
  m_PrefabInternal: {fileID: 0}
  m_Name: 
  m_SrcState: {fileID: 110230735}
  m_DstState: {fileID: 110239770}
  m_TransitionDuration: 0
  m_TransitionOffset: 0
  m_Conditions:
  - m_ConditionMode: 2
    m_ConditionEvent: up
    m_EventTreshold: 0
    m_ExitTime: 1
  m_Atomic: 1
  m_Solo: 0
  m_Mute: 0
  m_CanTransitionToSelf: 0
--- !u!1101 &110121582
Transition:
  serializedVersion: 2
  m_ObjectHideFlags: 3
  m_PrefabParentObject: {fileID: 0}
  m_PrefabInternal: {fileID: 0}
  m_Name: 
  m_SrcState: {fileID: 110229237}
  m_DstState: {fileID: 110239770}
  m_TransitionDuration: 0
  m_TransitionOffset: 0
  m_Conditions:
  - m_ConditionMode: 2
    m_ConditionEvent: down
    m_EventTreshold: 0
    m_ExitTime: 1
  m_Atomic: 1
  m_Solo: 0
  m_Mute: 0
  m_CanTransitionToSelf: 0
--- !u!1101 &110153957
Transition:
  serializedVersion: 2
  m_ObjectHideFlags: 3
  m_PrefabParentObject: {fileID: 0}
  m_PrefabInternal: {fileID: 0}
  m_Name: 
  m_SrcState: {fileID: 110239770}
  m_DstState: {fileID: 110229237}
  m_TransitionDuration: .100000001
  m_TransitionOffset: 0
  m_Conditions:
  - m_ConditionMode: 1
    m_ConditionEvent: down
    m_EventTreshold: 0
    m_ExitTime: .899999976
  m_Atomic: 1
  m_Solo: 0
  m_Mute: 0
  m_CanTransitionToSelf: 0
--- !u!1101 &110167917
Transition:
  serializedVersion: 2
  m_ObjectHideFlags: 3
  m_PrefabParentObject: {fileID: 0}
  m_PrefabInternal: {fileID: 0}
  m_Name: 
  m_SrcState: {fileID: 110239770}
  m_DstState: {fileID: 110230735}
  m_TransitionDuration: .100000001
  m_TransitionOffset: 0
  m_Conditions:
  - m_ConditionMode: 1
    m_ConditionEvent: up
    m_EventTreshold: 0
    m_ExitTime: .899999976
  m_Atomic: 1
  m_Solo: 0
  m_Mute: 0
  m_CanTransitionToSelf: 0
--- !u!1101 &110173770
Transition:
  serializedVersion: 2
  m_ObjectHideFlags: 3
  m_PrefabParentObject: {fileID: 0}
  m_PrefabInternal: {fileID: 0}
  m_Name: 
  m_SrcState: {fileID: 110223126}
  m_DstState: {fileID: 110239770}
  m_TransitionDuration: 0
  m_TransitionOffset: 0
  m_Conditions:
  - m_ConditionMode: 2
    m_ConditionEvent: left
    m_EventTreshold: 0
    m_ExitTime: 1
  m_Atomic: 1
  m_Solo: 0
  m_Mute: 0
  m_CanTransitionToSelf: 0
--- !u!1101 &110182470
Transition:
  serializedVersion: 2
  m_ObjectHideFlags: 3
  m_PrefabParentObject: {fileID: 0}
  m_PrefabInternal: {fileID: 0}
  m_Name: 
  m_SrcState: {fileID: 110200000}
  m_DstState: {fileID: 110239770}
  m_TransitionDuration: 0
  m_TransitionOffset: 0
  m_Conditions:
  - m_ConditionMode: 2
    m_ConditionEvent: right
    m_EventTreshold: 0
    m_ExitTime: 1
  m_Atomic: 1
  m_Solo: 0
  m_Mute: 0
  m_CanTransitionToSelf: 0
--- !u!1101 &110191267
Transition:
  serializedVersion: 2
  m_ObjectHideFlags: 3
  m_PrefabParentObject: {fileID: 0}
  m_PrefabInternal: {fileID: 0}
  m_Name: 
  m_SrcState: {fileID: 0}
  m_DstState: {fileID: 110239770}
  m_TransitionDuration: .100000001
  m_TransitionOffset: 0
  m_Conditions:
  - m_ConditionMode: 5
    m_ConditionEvent: 
    m_EventTreshold: 0
    m_ExitTime: .899999976
  m_Atomic: 1
  m_Solo: 0
  m_Mute: 0
  m_CanTransitionToSelf: 0
--- !u!1101 &110195984
Transition:
  serializedVersion: 2
  m_ObjectHideFlags: 3
  m_PrefabParentObject: {fileID: 0}
  m_PrefabInternal: {fileID: 0}
  m_Name: 
  m_SrcState: {fileID: 110239770}
  m_DstState: {fileID: 110200000}
  m_TransitionDuration: 0
  m_TransitionOffset: 0
  m_Conditions:
  - m_ConditionMode: 1
    m_ConditionEvent: right
    m_EventTreshold: 0
    m_ExitTime: .899999976
  m_Atomic: 1
  m_Solo: 0
  m_Mute: 0
  m_CanTransitionToSelf: 0
--- !u!1102 &110200000
State:
  m_ObjectHideFlags: 3
  m_PrefabParentObject: {fileID: 0}
  m_PrefabInternal: {fileID: 0}
  m_Name: marine-right
  m_Speed: 1
  m_CycleOffset: 0
  m_Motions:
  - {fileID: 7400000, guid: 29bd34d0aaa48ae458ba7462df8990b5, type: 2}
  m_ParentStateMachine: {fileID: 110700000}
  m_Position: {x: 312, y: -108, z: 0}
  m_IKOnFeet: 0
  m_Mirror: 0
  m_Tag: 
--- !u!1102 &110223126
State:
  m_ObjectHideFlags: 3
  m_PrefabParentObject: {fileID: 0}
  m_PrefabInternal: {fileID: 0}
  m_Name: marine-left
  m_Speed: 1
  m_CycleOffset: 0
  m_Motions:
  - {fileID: 7400000, guid: 406b9e3e3252bb149a9c66d73878340a, type: 2}
  m_ParentStateMachine: {fileID: 110700000}
  m_Position: {x: -252, y: -108, z: 0}
  m_IKOnFeet: 0
  m_Mirror: 0
  m_Tag: 
--- !u!1102 &110229237
State:
  m_ObjectHideFlags: 3
  m_PrefabParentObject: {fileID: 0}
  m_PrefabInternal: {fileID: 0}
  m_Name: marine-down
  m_Speed: 1
  m_CycleOffset: 0
  m_Motions:
  - {fileID: 7400000, guid: 2fd62e485779f5b42b3b34739a75c930, type: 2}
  m_ParentStateMachine: {fileID: 110700000}
  m_Position: {x: 24, y: 0, z: 0}
  m_IKOnFeet: 0
  m_Mirror: 0
  m_Tag: 
--- !u!1102 &110230735
State:
  m_ObjectHideFlags: 3
  m_PrefabParentObject: {fileID: 0}
  m_PrefabInternal: {fileID: 0}
  m_Name: marine-up
  m_Speed: 1
  m_CycleOffset: 0
  m_Motions:
  - {fileID: 7400000, guid: 72575544ec39cfd40af67eb2459deae5, type: 2}
  m_ParentStateMachine: {fileID: 110700000}
  m_Position: {x: 24, y: -216, z: 0}
  m_IKOnFeet: 0
  m_Mirror: 0
  m_Tag: 
--- !u!1102 &110239770
State:
  m_ObjectHideFlags: 3
  m_PrefabParentObject: {fileID: 0}
  m_PrefabInternal: {fileID: 0}
  m_Name: Idle
  m_Speed: 1
  m_CycleOffset: 0
  m_Motions:
  - {fileID: 0}
  m_ParentStateMachine: {fileID: 110700000}
  m_Position: {x: 24, y: -108, z: 0}
  m_IKOnFeet: 0
  m_Mirror: 0
  m_Tag: 
--- !u!1107 &110700000
StateMachine:
  serializedVersion: 2
  m_ObjectHideFlags: 3
  m_PrefabParentObject: {fileID: 0}
  m_PrefabInternal: {fileID: 0}
  m_Name: Base Layer
  m_DefaultState: {fileID: 110239770}
  m_States:
  - {fileID: 110200000}
  - {fileID: 110223126}
  - {fileID: 110239770}
  - {fileID: 110230735}
  - {fileID: 110229237}
  m_ChildStateMachine: []
  m_ChildStateMachinePosition: []
  m_OrderedTransitions:
    data:
      first: {fileID: 110229237}
      second:
      - {fileID: 110121582}
    data:
      first: {fileID: 110230735}
      second:
      - {fileID: 110118227}
    data:
      first: {fileID: 110239770}
      second:
      - {fileID: 110100000}
      - {fileID: 110195984}
      - {fileID: 110167917}
      - {fileID: 110153957}
    data:
      first: {fileID: 110223126}
      second:
      - {fileID: 110173770}
    data:
      first: {fileID: 110200000}
      second:
      - {fileID: 110182470}
    data:
      first: {fileID: 0}
      second:
      - {fileID: 110191267}
  m_MotionSetCount: 1
  m_AnyStatePosition: {x: 312, y: 120, z: 0}
  m_ParentStateMachinePosition: {x: 800, y: 20, z: 0}
