%YAML 1.1
%TAG !u! tag:unity3d.com,2011:
--- !u!1 &100000
GameObject:
  m_ObjectHideFlags: 0
  m_PrefabParentObject: {fileID: 0}
  m_PrefabInternal: {fileID: 100100000}
  serializedVersion: 4
  m_Component:
  - 4: {fileID: 400000}
  - 20: {fileID: 2000000}
  - 92: {fileID: 9200000}
  - 124: {fileID: 12400000}
  - 81: {fileID: 8100000}
  m_Layer: 0
  m_Name: Main Camera
  m_TagString: MainCamera
  m_Icon: {fileID: 0}
  m_NavMeshLayer: 0
  m_StaticEditorFlags: 0
  m_IsActive: 1
--- !u!1 &100002
GameObject:
  m_ObjectHideFlags: 0
  m_PrefabParentObject: {fileID: 0}
  m_PrefabInternal: {fileID: 100100000}
  serializedVersion: 4
  m_Component:
  - 4: {fileID: 400002}
  - 212: {fileID: 21200000}
  - 50: {fileID: 5000000}
  - 114: {fileID: 11400018}
  - 95: {fileID: 9500000}
  - 114: {fileID: 11400014}
  - 61: {fileID: 6100000}
  - 114: {fileID: 11400012}
  - 114: {fileID: 11400008}
  - 114: {fileID: 11400004}
  - 114: {fileID: 11400002}
  - 114: {fileID: 11400000}
  - 58: {fileID: 5800000}
  - 114: {fileID: 11400010}
  - 82: {fileID: 8200002}
  - 114: {fileID: 11451408}
  m_Layer: 0
  m_Name: Ranger
  m_TagString: Player
  m_Icon: {fileID: 0}
  m_NavMeshLayer: 0
  m_StaticEditorFlags: 0
  m_IsActive: 1
--- !u!1 &100004
GameObject:
  m_ObjectHideFlags: 0
  m_PrefabParentObject: {fileID: 0}
  m_PrefabInternal: {fileID: 100100000}
  serializedVersion: 4
  m_Component:
  - 4: {fileID: 400004}
  - 82: {fileID: 8200000}
  m_Layer: 0
  m_Name: RangerBGM
  m_TagString: Untagged
  m_Icon: {fileID: 0}
  m_NavMeshLayer: 0
  m_StaticEditorFlags: 0
  m_IsActive: 0
--- !u!4 &400000
Transform:
  m_ObjectHideFlags: 1
  m_PrefabParentObject: {fileID: 0}
  m_PrefabInternal: {fileID: 100100000}
  m_GameObject: {fileID: 100000}
  m_LocalRotation: {x: 0, y: 0, z: 0, w: 1}
  m_LocalPosition: {x: 0, y: 0, z: -1}
  m_LocalScale: {x: 1, y: 1, z: 1}
  m_Children: []
  m_Father: {fileID: 400002}
  m_RootOrder: 0
--- !u!4 &400002
Transform:
  m_ObjectHideFlags: 1
  m_PrefabParentObject: {fileID: 0}
  m_PrefabInternal: {fileID: 100100000}
  m_GameObject: {fileID: 100002}
  m_LocalRotation: {x: 0, y: 0, z: 0, w: 1}
  m_LocalPosition: {x: 0, y: 0, z: .449999988}
  m_LocalScale: {x: 1.00000024, y: 1.00000036, z: 1}
  m_Children:
  - {fileID: 400000}
  - {fileID: 400004}
  m_Father: {fileID: 0}
  m_RootOrder: 0
--- !u!4 &400004
Transform:
  m_ObjectHideFlags: 1
  m_PrefabParentObject: {fileID: 0}
  m_PrefabInternal: {fileID: 100100000}
  m_GameObject: {fileID: 100004}
  m_LocalRotation: {x: 0, y: 0, z: 0, w: 1}
  m_LocalPosition: {x: 0, y: 0, z: -.449999988}
  m_LocalScale: {x: 1, y: 1, z: 1}
  m_Children: []
  m_Father: {fileID: 400002}
  m_RootOrder: 1
--- !u!20 &2000000
Camera:
  m_ObjectHideFlags: 1
  m_PrefabParentObject: {fileID: 0}
  m_PrefabInternal: {fileID: 100100000}
  m_GameObject: {fileID: 100000}
  m_Enabled: 0
  serializedVersion: 2
  m_ClearFlags: 1
  m_BackGroundColor: {r: .192156866, g: .301960796, b: .474509805, a: .0196078438}
  m_NormalizedViewPortRect:
    serializedVersion: 2
    x: 0
    y: 0
    width: 1
    height: 1
  near clip plane: .300000012
  far clip plane: 1000
  field of view: 60
  orthographic: 1
  orthographic size: 1.98000002
  m_Depth: -1
  m_CullingMask:
    serializedVersion: 2
    m_Bits: 4294967295
  m_RenderingPath: -1
  m_TargetTexture: {fileID: 0}
  m_TargetDisplay: 0
  m_HDR: 0
  m_OcclusionCulling: 1
  m_StereoConvergence: 10
  m_StereoSeparation: .0219999999
--- !u!50 &5000000
Rigidbody2D:
  m_ObjectHideFlags: 1
  m_PrefabParentObject: {fileID: 0}
  m_PrefabInternal: {fileID: 100100000}
  m_GameObject: {fileID: 100002}
  m_Mass: 10
  m_LinearDrag: 0
  m_AngularDrag: .0500000007
  m_GravityScale: 0
  m_FixedAngle: 1
  m_IsKinematic: 0
  m_Interpolate: 1
  m_SleepingMode: 1
  m_CollisionDetection: 0
--- !u!58 &5800000
CircleCollider2D:
  m_ObjectHideFlags: 1
  m_PrefabParentObject: {fileID: 0}
  m_PrefabInternal: {fileID: 100100000}
  m_GameObject: {fileID: 100002}
  m_Enabled: 1
  m_Material: {fileID: 0}
  m_IsTrigger: 0
  m_UsedByEffector: 0
  m_Offset: {x: 0, y: 0}
  serializedVersion: 2
  m_Radius: .100000001
--- !u!61 &6100000
BoxCollider2D:
  m_ObjectHideFlags: 1
  m_PrefabParentObject: {fileID: 0}
  m_PrefabInternal: {fileID: 100100000}
  m_GameObject: {fileID: 100002}
  m_Enabled: 0
  m_Material: {fileID: 0}
  m_IsTrigger: 0
  m_UsedByEffector: 0
  m_Offset: {x: 0, y: -.00999999978}
  serializedVersion: 2
  m_Size: {x: .170000002, y: .189999998}
--- !u!81 &8100000
AudioListener:
  m_ObjectHideFlags: 1
  m_PrefabParentObject: {fileID: 0}
  m_PrefabInternal: {fileID: 100100000}
  m_GameObject: {fileID: 100000}
  m_Enabled: 0
--- !u!82 &8200000
AudioSource:
  m_ObjectHideFlags: 1
  m_PrefabParentObject: {fileID: 0}
  m_PrefabInternal: {fileID: 100100000}
  m_GameObject: {fileID: 100004}
  m_Enabled: 1
  serializedVersion: 4
  OutputAudioMixerGroup: {fileID: 0}
  m_audioClip: {fileID: 8300000, guid: 12e63c8eb02b5b248913ae06e74688ef, type: 3}
  m_PlayOnAwake: 1
  m_Volume: 1
  m_Pitch: 1
  Loop: 1
  Mute: 0
  Priority: 128
  DopplerLevel: 1
  MinDistance: 1
  MaxDistance: 500
  Pan2D: 0
  rolloffMode: 0
  BypassEffects: 0
  BypassListenerEffects: 0
  BypassReverbZones: 0
  rolloffCustomCurve:
    serializedVersion: 2
    m_Curve:
    - time: 0
      value: 1
      inSlope: 0
      outSlope: 0
      tangentMode: 0
    - time: 1
      value: 0
      inSlope: 0
      outSlope: 0
      tangentMode: 0
    m_PreInfinity: 2
    m_PostInfinity: 2
  panLevelCustomCurve:
    serializedVersion: 2
    m_Curve:
    - time: 0
      value: 1
      inSlope: 0
      outSlope: 0
      tangentMode: 0
    m_PreInfinity: 2
    m_PostInfinity: 2
  spreadCustomCurve:
    serializedVersion: 2
    m_Curve:
    - time: 0
      value: 0
      inSlope: 0
      outSlope: 0
      tangentMode: 0
    m_PreInfinity: 2
    m_PostInfinity: 2
  reverbZoneMixCustomCurve:
    serializedVersion: 2
    m_Curve:
    - time: 0
      value: 1
      inSlope: 0
      outSlope: 0
      tangentMode: 0
    m_PreInfinity: 2
    m_PostInfinity: 2
--- !u!82 &8200002
AudioSource:
  m_ObjectHideFlags: 1
  m_PrefabParentObject: {fileID: 0}
  m_PrefabInternal: {fileID: 100100000}
  m_GameObject: {fileID: 100002}
  m_Enabled: 1
  serializedVersion: 4
  OutputAudioMixerGroup: {fileID: 0}
  m_audioClip: {fileID: 0}
  m_PlayOnAwake: 1
  m_Volume: 1
  m_Pitch: 1
  Loop: 0
  Mute: 0
  Priority: 128
  DopplerLevel: 1
  MinDistance: 1
  MaxDistance: 500
  Pan2D: 0
  rolloffMode: 0
  BypassEffects: 0
  BypassListenerEffects: 0
  BypassReverbZones: 0
  rolloffCustomCurve:
    serializedVersion: 2
    m_Curve:
    - time: 0
      value: 1
      inSlope: 0
      outSlope: 0
      tangentMode: 0
    - time: 1
      value: 0
      inSlope: 0
      outSlope: 0
      tangentMode: 0
    m_PreInfinity: 2
    m_PostInfinity: 2
  panLevelCustomCurve:
    serializedVersion: 2
    m_Curve:
    - time: 0
      value: 1
      inSlope: 0
      outSlope: 0
      tangentMode: 0
    m_PreInfinity: 2
    m_PostInfinity: 2
  spreadCustomCurve:
    serializedVersion: 2
    m_Curve:
    - time: 0
      value: 0
      inSlope: 0
      outSlope: 0
      tangentMode: 0
    m_PreInfinity: 2
    m_PostInfinity: 2
  reverbZoneMixCustomCurve:
    serializedVersion: 2
    m_Curve:
    - time: 0
      value: 1
      inSlope: 0
      outSlope: 0
      tangentMode: 0
    m_PreInfinity: 2
    m_PostInfinity: 2
--- !u!92 &9200000
Behaviour:
  m_ObjectHideFlags: 1
  m_PrefabParentObject: {fileID: 0}
  m_PrefabInternal: {fileID: 100100000}
  m_GameObject: {fileID: 100000}
  m_Enabled: 1
--- !u!95 &9500000
Animator:
  serializedVersion: 3
  m_ObjectHideFlags: 1
  m_PrefabParentObject: {fileID: 0}
  m_PrefabInternal: {fileID: 100100000}
  m_GameObject: {fileID: 100002}
  m_Enabled: 1
  m_Avatar: {fileID: 0}
  m_Controller: {fileID: 9100000, guid: 725c6acf9cc13c74885896ddc66a9bbe, type: 2}
  m_CullingMode: 0
  m_UpdateMode: 0
  m_ApplyRootMotion: 1
  m_LinearVelocityBlending: 0
  m_WarningMessage: 
  m_HasTransformHierarchy: 1
  m_AllowConstantClipSamplingOptimization: 1
--- !u!114 &11400000
MonoBehaviour:
  m_ObjectHideFlags: 1
  m_PrefabParentObject: {fileID: 0}
  m_PrefabInternal: {fileID: 100100000}
  m_GameObject: {fileID: 100002}
  m_Enabled: 1
  m_EditorHideFlags: 0
  m_Script: {fileID: 11500000, guid: 767695a02a8f2a04cb9156cec78355d5, type: 3}
  m_Name: 
  m_EditorClassIdentifier: 
  brokenwallPrefab: {fileID: 100002, guid: 6e49d2961d447494d8bdfc360fd2e3b4, type: 2}
  blinkPrefab: {fileID: 100000, guid: 3767c84a2f382a741ac144de8b33887a, type: 2}
  castPrefab: {fileID: 100000, guid: 0c797b335051af54aaa3201e9e66e192, type: 2}
  Cast_MeteorPrefab: {fileID: 0}
  coneofcoldPrefab: {fileID: 0}
  deathPrefab: {fileID: 100000, guid: 8d527c84b641da749aa34475628aa21c, type: 2}
  effectPrefab: {fileID: 100000, guid: 4e92d7ffc17b1124b84962ad30927823, type: 2}
  fortifyPrefab: {fileID: 100002, guid: 02a70202e8bd2b347b60364a5110e7af, type: 2}
  healPrefab: {fileID: 100002, guid: 493155b7a4099234895223eaa205b471, type: 2}
  lifetapPrefab: {fileID: 100002, guid: 201147a920dbceb44b6be81c026ee224, type: 2}
  shapeshiftPrefab: {fileID: 100002, guid: 59adc4eec19c59d4a9ab1a7218c8fc7d, type: 2}
  stunnedPrefab: {fileID: 0}
  FireballPrefab: {fileID: 0}
  blinkClip: {fileID: 0}
  ConeClip: {fileID: 0}
  fortifyClip: {fileID: 0}
  fireballClip: {fileID: 0}
  healClip: {fileID: 0}
  lifetapClip: {fileID: 0}
  MeteorClip: {fileID: 0}
  sprintClip: {fileID: 0}
  bowAudio: {fileID: 0}
  spearAudio: {fileID: 0}
  bulletAudio: {fileID: 0}
--- !u!114 &11400002
MonoBehaviour:
  m_ObjectHideFlags: 1
  m_PrefabParentObject: {fileID: 0}
  m_PrefabInternal: {fileID: 100100000}
  m_GameObject: {fileID: 100002}
  m_Enabled: 1
  m_EditorHideFlags: 0
  m_Script: {fileID: 11500000, guid: 850d3da7bb9ef15468b3b11dbe27842a, type: 3}
  m_Name: 
  m_EditorClassIdentifier: 
  shotPrefab: {fileID: 400000, guid: cf23c337ee07e9d419418f4c63a0045e, type: 2}
  weapons:
  - {fileID: 400000, guid: cf23c337ee07e9d419418f4c63a0045e, type: 2}
  - {fileID: 400000, guid: ab08445bc7ebd8443a4d6d8a03701f9e, type: 2}
  - {fileID: 400000, guid: 99cb21d9c1078c543acac7b6e01194de, type: 2}
--- !u!114 &11400004
MonoBehaviour:
  m_ObjectHideFlags: 1
  m_PrefabParentObject: {fileID: 0}
  m_PrefabInternal: {fileID: 100100000}
  m_GameObject: {fileID: 100002}
  m_Enabled: 1
  m_EditorHideFlags: 0
  m_Script: {fileID: 11500000, guid: d6883d66057650f469af102fb08509e8, type: 3}
  m_Name: 
  m_EditorClassIdentifier: 
  strength: 10
  dexterity: 10
  constitution: 10
  wisdom: 10
  intelligence: 10
  charisma: 10
  basespeed: {x: 1, y: 1}
  speed: {x: 1, y: 1}
  hp: 100
  basehpmax: 100
  hpmax: 100
  hpregen: 10
  mana: 100
  manamax: 100
  basemanamax: 100
  manaregen: 10
  PercentReduction: 0
  dmgReducedByHit: 0
  basecritchance: .0500000007
  critchance: .0500000007
  critbonus: 1.5
  damage: []
  isControllable: 0
  experience: 0
--- !u!114 &11400008
MonoBehaviour:
  m_ObjectHideFlags: 1
  m_PrefabParentObject: {fileID: 0}
  m_PrefabInternal: {fileID: 100100000}
  m_GameObject: {fileID: 100002}
  m_Enabled: 1
  m_EditorHideFlags: 0
  m_Script: {fileID: 11500000, guid: aa584fbee541324448dd18d8409c7a41, type: 3}
  m_Name: 
  m_EditorClassIdentifier: 
  subId: 0
  ownerId: 0
  group: 0
  prefixBackup: -1
  observed: {fileID: 11400014}
  synchronization: 3
  onSerializeTransformOption: 3
  onSerializeRigidBodyOption: 2
  instantiationId: -1
--- !u!114 &11400010
MonoBehaviour:
  m_ObjectHideFlags: 1
  m_PrefabParentObject: {fileID: 0}
  m_PrefabInternal: {fileID: 100100000}
  m_GameObject: {fileID: 100002}
  m_Enabled: 1
  m_EditorHideFlags: 0
  m_Script: {fileID: 11500000, guid: 8809b140a958bdb4a8c223f398d75fb5, type: 3}
  m_Name: 
  m_EditorClassIdentifier: 
  bowAudio: {fileID: 8300000, guid: f4f33da91722d7a43ae35fe08335a2aa, type: 3}
--- !u!114 &11400012
MonoBehaviour:
  m_ObjectHideFlags: 1
  m_PrefabParentObject: {fileID: 0}
  m_PrefabInternal: {fileID: 100100000}
  m_GameObject: {fileID: 100002}
  m_Enabled: 1
  m_EditorHideFlags: 0
  m_Script: {fileID: 11500000, guid: 7f24210282984ef45996497261004064, type: 3}
  m_Name: 
  m_EditorClassIdentifier: 
  _teamID: 0
--- !u!114 &11400014
MonoBehaviour:
  m_ObjectHideFlags: 1
  m_PrefabParentObject: {fileID: 0}
  m_PrefabInternal: {fileID: 100100000}
  m_GameObject: {fileID: 100002}
  m_Enabled: 1
  m_EditorHideFlags: 0
  m_Script: {fileID: 11500000, guid: 6c59ba0703a79d54c93a0e9991174504, type: 3}
  m_Name: 
  m_EditorClassIdentifier: 
--- !u!114 &11400018
MonoBehaviour:
  m_ObjectHideFlags: 1
  m_PrefabParentObject: {fileID: 0}
  m_PrefabInternal: {fileID: 100100000}
  m_GameObject: {fileID: 100002}
  m_Enabled: 1
  m_EditorHideFlags: 0
  m_Script: {fileID: 11500000, guid: 9b3c12632b9a12c4491d24e74cd192bc, type: 3}
  m_Name: 
  m_EditorClassIdentifier: 
  dir: {x: -1, y: 0, z: 180}
  sixteen: 1
  facingRight: 0
  _characterState: 0
  character: 
  isFrozen: 0
--- !u!114 &11451408
MonoBehaviour:
  m_ObjectHideFlags: 1
  m_PrefabParentObject: {fileID: 0}
  m_PrefabInternal: {fileID: 100100000}
  m_GameObject: {fileID: 100002}
  m_Enabled: 1
  m_EditorHideFlags: 0
  m_Script: {fileID: 11500000, guid: 8679350a985096649a9dcd38617e86bd, type: 3}
  m_Name: 
  m_EditorClassIdentifier: 
  canBeFrozen: 1
  healthTransform: {fileID: 22493594, guid: 238778fc4ef9bcb4f82b7b75dcd59f2e, type: 2}
  hitPointsPrefab: {fileID: 400000, guid: 313fa3803248ed74a9063c4582a97933, type: 2}
--- !u!124 &12400000
Behaviour:
  m_ObjectHideFlags: 1
  m_PrefabParentObject: {fileID: 0}
  m_PrefabInternal: {fileID: 100100000}
  m_GameObject: {fileID: 100000}
  m_Enabled: 1
--- !u!212 &21200000
SpriteRenderer:
  m_ObjectHideFlags: 1
  m_PrefabParentObject: {fileID: 0}
  m_PrefabInternal: {fileID: 100100000}
  m_GameObject: {fileID: 100002}
  m_Enabled: 1
  m_CastShadows: 0
  m_ReceiveShadows: 0
  m_Materials:
  - {fileID: 10754, guid: 0000000000000000e000000000000000, type: 0}
  m_SubsetIndices: 
  m_StaticBatchRoot: {fileID: 0}
  m_UseLightProbes: 0
  m_ReflectionProbeUsage: 1
  m_ProbeAnchor: {fileID: 0}
  m_ScaleInLightmap: 1
  m_PreserveUVs: 0
  m_ImportantGI: 0
  m_AutoUVMaxDistance: .5
  m_AutoUVMaxAngle: 89
  m_LightmapParameters: {fileID: 0}
  m_SortingLayerID: 0
  m_SortingOrder: 3
  m_Sprite: {fileID: 21300000, guid: 843321145c9748d4ba287a7a3e5f417f, type: 3}
  m_Color: {r: 1, g: 1, b: 1, a: 1}
--- !u!1001 &100100000
Prefab:
  m_ObjectHideFlags: 1
  serializedVersion: 2
  m_Modification:
    m_TransformParent: {fileID: 0}
    m_Modifications: []
    m_RemovedComponents: []
  m_ParentPrefab: {fileID: 0}
  m_RootGameObject: {fileID: 100002}
  m_IsPrefabParent: 1
