%YAML 1.1
%TAG !u! tag:unity3d.com,2011:
--- !u!1 &100000
GameObject:
  m_ObjectHideFlags: 0
  m_PrefabParentObject: {fileID: 0}
  m_PrefabInternal: {fileID: 100100000}
  serializedVersion: 4
  m_Component:
  - 4: {fileID: 400000}
  - 212: {fileID: 21200000}
  - 50: {fileID: 5000000}
  - 114: {fileID: 11400006}
  - 114: {fileID: 11400004}
  - 114: {fileID: 11400002}
  - 58: {fileID: 5800000}
  - 114: {fileID: 11400008}
  - 95: {fileID: 9500000}
  - 114: {fileID: 11400000}
  - 114: {fileID: 11400010}
  - 114: {fileID: 11400012}
  - 114: {fileID: 11400014}
  - 114: {fileID: 11400016}
  m_Layer: 0
  m_Name: Ogre
  m_TagString: enemy
  m_Icon: {fileID: 0}
  m_NavMeshLayer: 0
  m_StaticEditorFlags: 0
  m_IsActive: 1
--- !u!4 &400000
Transform:
  m_ObjectHideFlags: 1
  m_PrefabParentObject: {fileID: 0}
  m_PrefabInternal: {fileID: 100100000}
  m_GameObject: {fileID: 100000}
  m_LocalRotation: {x: 0, y: 0, z: 0, w: 1}
  m_LocalPosition: {x: 0, y: 0, z: 0}
  m_LocalScale: {x: 1, y: 1, z: 1}
  m_Children: []
  m_Father: {fileID: 0}
  m_RootOrder: 0
--- !u!50 &5000000
Rigidbody2D:
  m_ObjectHideFlags: 1
  m_PrefabParentObject: {fileID: 0}
  m_PrefabInternal: {fileID: 100100000}
  m_GameObject: {fileID: 100000}
  m_Mass: 5000
  m_LinearDrag: 0
  m_AngularDrag: .0500000007
  m_GravityScale: 0
  m_FixedAngle: 1
  m_IsKinematic: 0
  m_Interpolate: 0
  m_SleepingMode: 2
  m_CollisionDetection: 0
--- !u!58 &5800000
CircleCollider2D:
  m_ObjectHideFlags: 1
  m_PrefabParentObject: {fileID: 0}
  m_PrefabInternal: {fileID: 100100000}
  m_GameObject: {fileID: 100000}
  m_Enabled: 1
  m_Material: {fileID: 0}
  m_IsTrigger: 0
  m_Radius: .100000001
  m_Center: {x: 0, y: 0}
--- !u!95 &9500000
Animator:
  serializedVersion: 3
  m_ObjectHideFlags: 1
  m_PrefabParentObject: {fileID: 0}
  m_PrefabInternal: {fileID: 100100000}
  m_GameObject: {fileID: 100000}
  m_Enabled: 1
  m_Avatar: {fileID: 0}
  m_Controller: {fileID: 9100000, guid: 7de6d9949a78167479267be9a522892f, type: 2}
  m_CullingMode: 0
  m_UpdateMode: 0
  m_ApplyRootMotion: 1
  m_HasTransformHierarchy: 1
--- !u!114 &11400000
MonoBehaviour:
  m_ObjectHideFlags: 1
  m_PrefabParentObject: {fileID: 0}
  m_PrefabInternal: {fileID: 100100000}
  m_GameObject: {fileID: 100000}
  m_Enabled: 1
  m_EditorHideFlags: 0
  m_Script: {fileID: 11500000, guid: 7f24210282984ef45996497261004064, type: 3}
  m_Name: 
  m_EditorClassIdentifier: 
  _teamID: -1
--- !u!114 &11400002
MonoBehaviour:
  m_ObjectHideFlags: 1
  m_PrefabParentObject: {fileID: 0}
  m_PrefabInternal: {fileID: 100100000}
  m_GameObject: {fileID: 100000}
  m_Enabled: 1
  m_EditorHideFlags: 0
  m_Script: {fileID: 11500000, guid: ea356543673a08f44a895315836fdfb9, type: 3}
  m_Name: 
  m_EditorClassIdentifier: 
  moveSpeed: .150000006
  rotationSpeed: .5
  maxdistance: 0
  mindistance: 0
  dir: {x: 0, y: 0, z: 0}
--- !u!114 &11400004
MonoBehaviour:
  m_ObjectHideFlags: 1
  m_PrefabParentObject: {fileID: 0}
  m_PrefabInternal: {fileID: 100100000}
  m_GameObject: {fileID: 100000}
  m_Enabled: 1
  m_EditorHideFlags: 0
  m_Script: {fileID: 11500000, guid: 38b4cb0eff880e24f8481f0766873879, type: 3}
  m_Name: 
  m_EditorClassIdentifier: 
--- !u!114 &11400006
MonoBehaviour:
  m_ObjectHideFlags: 1
  m_PrefabParentObject: {fileID: 0}
  m_PrefabInternal: {fileID: 100100000}
  m_GameObject: {fileID: 100000}
  m_Enabled: 1
  m_EditorHideFlags: 0
  m_Script: {fileID: 11500000, guid: 8679350a985096649a9dcd38617e86bd, type: 3}
  m_Name: 
  m_EditorClassIdentifier: 
  hitPointsPrefab: {fileID: 400000, guid: 313fa3803248ed74a9063c4582a97933, type: 2}
--- !u!114 &11400008
MonoBehaviour:
  m_ObjectHideFlags: 1
  m_PrefabParentObject: {fileID: 0}
  m_PrefabInternal: {fileID: 100100000}
  m_GameObject: {fileID: 100000}
  m_Enabled: 1
  m_EditorHideFlags: 0
  m_Script: {fileID: 11500000, guid: aa584fbee541324448dd18d8409c7a41, type: 3}
  m_Name: 
  m_EditorClassIdentifier: 
  subId: 0
  ownerId: 0
  group: 0
  prefixBackup: -1
  observed: {fileID: 11400006}
  synchronization: 3
  onSerializeTransformOption: 3
  onSerializeRigidBodyOption: 2
  instantiationId: -1
--- !u!114 &11400010
MonoBehaviour:
  m_ObjectHideFlags: 1
  m_PrefabParentObject: {fileID: 0}
  m_PrefabInternal: {fileID: 100100000}
  m_GameObject: {fileID: 100000}
  m_Enabled: 1
  m_EditorHideFlags: 0
  m_Script: {fileID: 11500000, guid: 850d3da7bb9ef15468b3b11dbe27842a, type: 3}
  m_Name: 
  m_EditorClassIdentifier: 
  shotPrefab: {fileID: 400000, guid: 8c61a9ef07af9294db970eeb8d844a50, type: 2}
  weapons:
  - {fileID: 400000, guid: 8c61a9ef07af9294db970eeb8d844a50, type: 2}
--- !u!114 &11400012
MonoBehaviour:
  m_ObjectHideFlags: 1
  m_PrefabParentObject: {fileID: 0}
  m_PrefabInternal: {fileID: 100100000}
  m_GameObject: {fileID: 100000}
  m_Enabled: 1
  m_EditorHideFlags: 0
  m_Script: {fileID: 11500000, guid: 767695a02a8f2a04cb9156cec78355d5, type: 3}
  m_Name: 
  m_EditorClassIdentifier: 
  brokenwallPrefab: {fileID: 0}
  healPrefab: {fileID: 0}
  lifetapPrefab: {fileID: 0}
  blinkPrefab: {fileID: 0}
  castPrefab: {fileID: 0}
  shapeshiftPrefab: {fileID: 0}
  fortifyPrefab: {fileID: 0}
  effectPrefab: {fileID: 0}
  Cast_MeteorPrefab: {fileID: 0}
  deathPrefab: {fileID: 100000, guid: 8d527c84b641da749aa34475628aa21c, type: 2}
  stunnedPrefab: {fileID: 100000, guid: 349142fda0d533d46930b33ca2e643ce, type: 2}
--- !u!114 &11400014
MonoBehaviour:
  m_ObjectHideFlags: 1
  m_PrefabParentObject: {fileID: 0}
  m_PrefabInternal: {fileID: 100100000}
  m_GameObject: {fileID: 100000}
  m_Enabled: 1
  m_EditorHideFlags: 0
  m_Script: {fileID: 11500000, guid: d6883d66057650f469af102fb08509e8, type: 3}
  m_Name: 
  m_EditorClassIdentifier: 
  strength: 10
  dexterity: 10
  constitution: 10
  wisdom: 10
  intelligence: 10
  charisma: 10
  hpregen: 10
  manaregen: 10
  critbonus: 1.5
  experience: 0
--- !u!114 &11400016
MonoBehaviour:
  m_ObjectHideFlags: 1
  m_PrefabParentObject: {fileID: 0}
  m_PrefabInternal: {fileID: 100100000}
  m_GameObject: {fileID: 100000}
  m_Enabled: 1
  m_EditorHideFlags: 0
  m_Script: {fileID: 11500000, guid: ab351ef961a638f4d9331d5c2cf385eb, type: 3}
  m_Name: 
  m_EditorClassIdentifier: 
--- !u!212 &21200000
SpriteRenderer:
  m_ObjectHideFlags: 1
  m_PrefabParentObject: {fileID: 0}
  m_PrefabInternal: {fileID: 100100000}
  m_GameObject: {fileID: 100000}
  m_Enabled: 1
  m_CastShadows: 0
  m_ReceiveShadows: 0
  m_LightmapIndex: 255
  m_LightmapTilingOffset: {x: 1, y: 1, z: 0, w: 0}
  m_Materials:
  - {fileID: 10754, guid: 0000000000000000e000000000000000, type: 0}
  m_SubsetIndices: 
  m_StaticBatchRoot: {fileID: 0}
  m_UseLightProbes: 0
  m_LightProbeAnchor: {fileID: 0}
  m_ScaleInLightmap: 1
  m_SortingLayerID: 0
  m_SortingOrder: 10
  m_Sprite: {fileID: 21300000, guid: 2bdb4a1f698b0944ea85e0f8203d9ad1, type: 3}
  m_Color: {r: 1, g: 1, b: 1, a: 1}
--- !u!1001 &100100000
Prefab:
  m_ObjectHideFlags: 1
  serializedVersion: 2
  m_Modification:
    m_TransformParent: {fileID: 0}
    m_Modifications: []
    m_RemovedComponents: []
  m_ParentPrefab: {fileID: 0}
  m_RootGameObject: {fileID: 100000}
  m_IsPrefabParent: 1
  m_IsExploded: 1
